@article{tharwat_2018,
  title={Classification assessment methods},
  author={Tharwat, A.},
  journal={Emerald Publishing Limited},
  volume={17},
  number={1},
  pages={168-192},
  year={2021},
  doi={https://doi.org/10.1016/j.aci.2018.08.003}
}

@article{brie_1950,
  title={Verification of Forecasts Expressed in Terms of Probability},
  author={Glenn W. Brie},
  journal={Monthly Weather Review},
  volume={78},
  number={1},
  pages={1-3},
  year={1950},
  doi={https://doi.org/10.1175/1520-0493(1950)078<0001:VOFEIT>2.0.CO;2}
}

@article{dor_2003,
  title={The diagnostic odds ratio: a single indicator of test performance},
  author={Afina S. Glas{,} Jeroen G. Lijmer{,} Martin H. Prins and Gouke J. Bonsel},
  journal={Journal of Clinical Epidemiology},
  volume={56},
  pages={1129-1135},
  year={2003},
  doi={https://doi.org/10.1016/S0895-4356(03)00177-X}
}

@article{McGee2002,
  title={Simplifying likelihood ratios},
  author={McGee, Steven},
  journal={Journal of General Internal Medicine},
  volume={17},
  pages={647â€“650},
  year={2002},
  doi={https://doi.org/10.1046/j.1525-1497.2002.10750.x}
}

@book{QueueSystems,
    author    = "Mark C. Henderson{,} Lawrence M. Tierney Jr. and Gerald W. Smetana",
    title     = "The Patient History: An Evidence-Based Approach to Differential Diagnosis, Second Edition",
    publisher = "The McGraw-Hill Companies, Inc",
    year      = "2012",
    ISBN      = "1552-1206",
}